@inproceedings{ananthanarayanan2013effective,
  title={{Effective Straggler Mitigation: Attack of the Clones}},
  author={Ananthanarayanan, Ganesh and Ghodsi, Ali and Shenker, Scott and
                  Stoica, Ion},
  booktitle={NSDI},
  volume={13},
  pages={185--198},
  year={2013}
}

@article{gantz2012digital,
  title={{The Digital Universe in 2020: Big Data, Bigger Digital Shadows, and
                  Biggest Growth in the Far East}},
  author={Gantz, John and Reinsel, David},
  journal={IDC iView: IDC Analyze the future},
  volume=2007,
  pages={1--16},
  year=2012
}

@inproceedings{rabkin2014aggregation,
  title={{Aggregation and Degradation in JetStream: Streaming Analytics in the
                  Wide Area}},
  author={Rabkin, Ariel and Arye, Matvey and Sen, Siddhartha and Pai, Vivek S
                  and Freedman, Michael J},
  booktitle = {Proceedings of the 11th USENIX Conference on Networked Systems
                   Design and Implementation},
  series = {NSDI'14},
  year = 2014,
  isbn = {978-1-931971-09-6},
  location = {Seattle, WA},
  pages = {275--288},
  numpages = 14,
  url = {http://dl.acm.org/citation.cfm?id=2616448.2616474},
  acmid = 2616474,
  publisher = {USENIX Association},
  address = {Berkeley, CA, USA},
}

@inproceedings{pu2015low,
  title={{Low Latency Geo-Distributed Data Analytics}},
  author={Pu, Qifan and Ananthanarayanan, Ganesh and Bodik, Peter and Kandula,
                  Srikanth and Akella, Aditya and Bahl, Paramvir and Stoica,
                  Ion},
  booktitle = {Proceedings of the 2015 ACM Conference on Special Interest Group
                  on Data Communication},
  series = {SIGCOMM '15},
  year = {2015},
  isbn = {978-1-4503-3542-3},
  location = {London, United Kingdom},
  pages = {421--434},
  numpages = {14},
  url = {http://doi.acm.org/10.1145/2785956.2787505},
  doi = {10.1145/2785956.2787505},
  acmid = {2787505},
  publisher = {ACM},
  address = {New York, NY, USA},
  keywords = {data analytics, geo-distributed, low latency, network aware, wan
                  analytics},
 }

@inproceedings{oh2011large,
  title={{A Large-scale Benchmark Dataset for Event Recognition in Surveillance
                  Video}},
  author={Oh, Sangmin and Hoogs, Anthony and Perera, Amitha and Cuntoor, Naresh
                  and Chen, Chia-Chih and Lee, Jong Taek and Mukherjee, Saurajit
                  and Aggarwal, JK and Lee, Hyungtae and Davis, Larry and
                  others},
  booktitle = {Proceedings of the 2011 IEEE Conference on Computer Vision and
                  Pattern Recognition},
  series = {CVPR '11},
  year = 2011,
  isbn = {978-1-4577-0394-2},
  pages = {3153--3160},
  numpages = 8,
  url = {http://dx.doi.org/10.1109/CVPR.2011.5995586},
  doi = {10.1109/CVPR.2011.5995586},
  acmid = 2192114,
  publisher = {IEEE Computer Society},
  address = {Washington, DC, USA},
  keywords = {surveillance video, large-scale video dataset, diverse visual
                  event recognition algorithm, continuous visual event
                  recognition, outdoor scenes, moving object tracks, evaluation
                  metrics, computer vision, CVER tasks},
}

@inproceedings{viswanathan2016clarinet,
  title={{Clarinet: WAN-Aware Optimization for Analytics Queries}},
  author={Viswanathan, Raajay and Ananthanarayanan, Ganesh and Akella, Aditya},
  booktitle = {12th USENIX Symposium on Operating Systems Design and
                  Implementation (OSDI 16)},
  year = 2016,
  isbn = {978-1-931971-33-1},
  address = {GA},
  pages = {435--450},
  url = {https://www.usenix.org/conference/osdi16/technical-sessions/presentation/viswanathan},
  publisher = {USENIX Association},
}

@article{bailis2013highly,
  title={{Highly Available Transactions: Virtues and Limitations}},
  author={Bailis, Peter and Davidson, Aaron and Fekete, Alan and Ghodsi, Ali and
                  Hellerstein, Joseph M and Stoica, Ion},
  journal={Proceedings of the VLDB Endowment},
  volume=7,
  number=3,
  pages={181--192},
  year=2013,
  publisher={VLDB Endowment}
}

@inproceedings{andersen2016btrdb,
  title={{BTrDB: Optimizing Storage System Design for Timeseries Processing}},
  author={Andersen, Michael P and Culler, David E},
  booktitle={14th USENIX Conference on File and Storage Technologies (FAST 16)},
  pages={39--52},
  year=2016
}

@inproceedings{calder2013mapping,
  title={{Mapping the Expansion of Google's Serving Infrastructure}},
  author={Calder, Matt and Fan, Xun and Hu, Zi and Katz-Bassett, Ethan and
                  Heidemann, John and Govindan, Ramesh},
  booktitle = {Proceedings of the 2013 Conference on Internet Measurement Conference},
  series = {IMC'13},
  year = 2013,
  isbn = {978-1-4503-1953-9},
  location = {Barcelona, Spain},
  pages = {313--326},
  numpages = 14,
  url = {http://doi.acm.org/10.1145/2504730.2504754},
  doi = {10.1145/2504730.2504754},
  acmid = 2504754,
  publisher = {ACM},
  address = {New York, NY, USA},
  keywords = {CDN, DNS, geolocation, measurement},
}

@inproceedings{abadi2005design,
  title={{The Design of the Borealis Stream Processing Engine}},
  author={Abadi, Daniel J and Ahmad, Yanif and Balazinska, Magdalena and
                  Cetintemel, Ugur and Cherniack, Mitch and Hwang, Jeong-Hyon
                  and Lindner, Wolfgang and Maskey, Anurag and Rasin, Alex and
                  Ryvkina, Esther and others},
  booktitle={CIDR},
  volume=5,
  pages={277--289},
  address = {Asilomar, CA},
  year=2005
}

@inproceedings{toshniwal2014storm,
  title={{Storm@ twitter}},
  author={Toshniwal, Ankit and Taneja, Siddarth and Shukla, Amit and Ramasamy,
                  Karthik and Patel, Jignesh M and Kulkarni, Sanjeev and
                  Jackson, Jason and Gade, Krishna and Fu, Maosong and Donham,
                  Jake and others},
  booktitle={Proceedings of the 2014 ACM SIGMOD international conference on
                  Management of data},
  pages={147--156},
  year=2014,
  organization={ACM},
  url={https://dl.acm.org/citation.cfm?id=2595641},
}

@inproceedings{zaharia2013discretized,
  title={{Discretized Streams: Fault-tolerant Streaming Computation at Scale}},
  author={Zaharia, Matei and Das, Tathagata and Li, Haoyuan and Hunter, Timothy
                  and Shenker, Scott and Stoica, Ion},
  booktitle = {Proceedings of the Twenty-Fourth ACM Symposium on Operating
                  Systems Principles},
  series = {SOSP'13},
  year = 2013,
  isbn = {978-1-4503-2388-8},
  location = {Farminton, Pennsylvania},
  pages = {423--438},
  numpages = 16,
  url = {http://doi.acm.org/10.1145/2517349.2522737},
  doi = {10.1145/2517349.2522737},
  acmid = 2522737,
  publisher = {ACM},
  address = {New York, NY, USA},
}

@inproceedings{dalal2005histograms,
  title={{Histograms of Oriented Gradients for Human Detection}},
  author = {Dalal, Navneet and Triggs, Bill},
  booktitle = {Proceedings of the 2005 IEEE Computer Society Conference on
                   Computer Vision and Pattern Recognition (CVPR'05) - Volume 1 -
                   Volume 01},
  series = {CVPR '05},
  year = 2005,
  isbn = {0-7695-2372-2},
  pages = {886--893},
  numpages = 8,
  url = {http://dx.doi.org/10.1109/CVPR.2005.177},
  doi = {10.1109/CVPR.2005.177},
  acmid = 1069007,
  publisher = {IEEE Computer Society},
  address = {Washington, DC, USA},
}

@inproceedings{agarwal2013blinkdb,
  title={{BlinkDB: Queries with Bounded Errors and Bounded Response Times on
                  Very Large Data}},
  author={Agarwal, Sameer and Mozafari, Barzan and Panda, Aurojit and Milner,
                  Henry and Madden, Samuel and Stoica, Ion},
  booktitle={Proceedings of the 8th ACM European Conference on Computer Systems},
  series = {EuroSys '13},
  isbn = {978-1-4503-1994-2},
  location = {Prague, Czech Republic},
  numpages = 14,
  pages={29--42},
  year=2013,
  url = {http://doi.acm.org/10.1145/2465351.2465355},
  doi = {10.1145/2465351.2465355},
  publisher = {ACM},
}

@inproceedings{yin2015control,
  title={{A Control-Theoretic Approach for Dynamic Adaptive Video Streaming over
                  HTTP}},
  author={Yin, Xiaoqi and Jindal, Abhishek and Sekar, Vyas and Sinopoli, Bruno},
  booktitle = {Proceedings of the 2015 ACM Conference on Special Interest Group
                  on Data Communication},
  series = {SIGCOMM'15},
  year = {2015},
  isbn = {978-1-4503-3542-3},
  location = {London, United Kingdom},
  pages = {325--338},
  numpages = {14},
  url = {http://doi.acm.org/10.1145/2785956.2787486},
  doi = {10.1145/2785956.2787486},
  acmid = {2787486},
  publisher = {ACM},
  address = {New York, NY, USA},
  keywords = {bitrate adaptation, dash, internet video, model predictive
                  control},
}

@misc{iperf3,
  author={ESnet},
  title={{iPerf: The TCP/UDP bandwidth measurement tool}},
  howpublished={\url{http://software.es.net/iperf/}},
  year={2014-2017},
  note={Accessed: 2017-03-07}
}

@misc{hls.js,
  author = {video-dev},
  title = {hls.js},
  year = 2017,
  publisher = {GitHub},
  journal = {GitHub repository},
  howpublished = {\url{https://github.com/video-dev/hls.js}},
  note={Accessed: 2017-09-20}
}

@inproceedings{mao2017neural,
  title={{Neural Adaptive Video Streaming with Pensieve}},
  author={Mao, Hongzi and Netravali, Ravi and Alizadeh, Mohammad},
  booktitle={Proceedings of the Conference of the ACM Special Interest Group on
                  Data Communication},
  pages={197--210},
  year={2017},
  organization={ACM}
}

@misc{puppeteer,
  author = {{Google Chrome}},
  title = {Puppeteer},
  year = 2017,
  publisher = {GitHub},
  journal = {GitHub repository},
  howpublished = {\url{https://github.com/GoogleChrome/puppeteer}},
  note={Accessed: 2017-09-20}
}

@misc{nginx-ts-module,
  author = {Roman Arutyunyan},
  title = {nginx-ts-module},
  year = 2017,
  publisher = {GitHub},
  journal = {GitHub repository},
  howpublished = {\url{https://github.com/arut/nginx-ts-module}},
  note={Accessed: 2017-09-20}
}

@article{johas2013heterogeneous,
  title={{Heterogeneous Networks for Audio and Video: Using IEEE 802.1 Audio
                  Video Bridging}},
  author={JOHAS TEENER, Michael D and Fredette, Andre N and Boiger, Christian
                  and Klein, Philippe and Gunther, Craig and Olsen, David and
                  Stanton, Kevin},
  journal={Proceedings of the IEEE},
  volume={101},
  number={11},
  pages={2339--2354},
  year={2013},
  publisher={Institute of Electrical and Electronics Engineers}
}

@article{maas2016taurus,
  title={{Taurus: A Holistic Language Runtime System for Coordinating
                  Distributed Managed-Language Applications}},
  author={Maas, Martin and Asanovi{\'c}, Krste and Harris, Tim and Kubiatowicz,
                  John},
  journal={ACM SIGOPS Operating Systems Review},
  volume=50,
  number=2,
  pages={457--471},
  year=2016,
  publisher={ACM}
}

@article{tierney2001tcp,
  title={{TCP Tuning Guide for Distributed Applications on Wide Area Networks}},
  author={Tierney, Brian},
  journal={USENIX \& SAGE Login},
  volume={26},
  number={1},
  pages={33--39},
  year={2001}
}

@book{Rijsbergen:1979:IR:539927,
 author = {Rijsbergen, C. J. Van},
 title = {{Information Retrieval}},
 year = {1979},
 isbn = {0408709294},
 edition = {2nd},
 publisher = {Butterworth-Heinemann},
 address = {Newton, MA, USA},
}


@article{abdi2007kendall,
  title={{The Kendall Rank Correlation Coefficient}},
  author={Abdi, Herv{\'e}},
  journal={Encyclopedia of Measurement and Statistics. Sage, Thousand Oaks, CA},
  pages={508--510},
  year={2007},
  publisher={Citeseer}
}

@article{everingham2010pascal,
  author = {Everingham, Mark and Gool, Luc and Williams, Christopher K. and Winn,
                   John and Zisserman, Andrew},
  title = {The Pascal Visual Object Classes (VOC) Challenge},
  journal = {Int. J. Comput. Vision},
  issue_date = {June      2010},
  volume = 88,
  number = 2,
  month = jun,
  year = 2010,
  issn = {0920-5691},
  pages = {303--338},
  numpages = 36,
  url = {http://dx.doi.org/10.1007/s11263-009-0275-4},
  doi = {10.1007/s11263-009-0275-4},
  acmid = 1747104,
  publisher = {Kluwer Academic Publishers},
  address = {Hingham, MA, USA},
  keywords = {Benchmark, Database, Object detection, Object recognition},
}

@inproceedings{babcock2003distributed,
  title={{Distributed Top-K Monitoring}},
  author={Babcock, Brian and Olston, Chris},
  booktitle = {Proceedings of the 2003 ACM SIGMOD International Conference on
                  Management of Data},
  series = {SIGMOD'03},
  year = 2003,
  isbn = {1-58113-634-X},
  location = {San Diego, California},
  pages = {28--39},
  numpages = 12,
  url = {http://doi.acm.org/10.1145/872757.872764},
  doi = {10.1145/872757.872764},
  acmid = 872764,
  publisher = {ACM},
  address = {New York, NY, USA},
}

@article{satyanarayanan2009case,
  title={{The Case for VM-based Cloudlets in Mobile Computing}},
  author={Satyanarayanan, Mahadev and Bahl, Paramvir and Caceres, Ram{\'o}n and
                   Davies, Nigel},
  journal = {IEEE Pervasive Computing},
  issue_date = {October 2009},
  volume = 8,
  number = 4,
  month = oct,
  year = 2009,
  issn = {1536-1268},
  pages = {14--23},
  numpages = 10,
  url = {http://dx.doi.org/10.1109/MPRV.2009.82},
  doi = {10.1109/MPRV.2009.82},
  acmid = 1638731,
  publisher = {IEEE Educational Activities Department},
  address = {Piscataway, NJ, USA},
  keywords = {augmented reality, cognitive augmentation, cyber foraging, dynamic
                  VM synthesis, dynamic VM synthesis, cyber foraging, augmented
                  reality, cognitive augmentation, virtual machines, resource
                  constraints, resource constraints, virtual machines},
}

@inproceedings{zhang2015cloud,
  title={{The Cloud is Not Enough: Saving IoT from the Cloud.}},
  author={Zhang, Ben and Mor, Nitesh and Kolb, John and Chan, Douglas S and
                  Lutz, Ken and Allman, Eric and Wawrzynek, John and Lee, Edward
                  A and Kubiatowicz, John},
  booktitle={7th USENIX Workshop on Hot Topics in Cloud Computing (HotCloud 15)},
  publisher={USENIX Association},
  url={https://www.usenix.org/conference/hotcloud15/workshop-program/presentation/zhang},
  year=2015,
}

@inproceedings{krizhevsky2012imagenet,
  title={{Imagenet Classification with Deep Convolutional Neural Networks}},
  author={Krizhevsky, Alex and Sutskever, Ilya and Hinton, Geoffrey E},
  booktitle={Advances in neural information processing systems},
  pages={1097--1105},
  year={2012}
}

@inproceedings{parkhi2015deep,
  title={{Deep Face Recognition}},
  author={Parkhi, Omkar M and Vedaldi, Andrea and Zisserman, Andrew},
  year=2015,
  month={September},
  pages={41.1-41.12},
  articleno=41,
  numpages=12,
  booktitle={Proceedings of the British Machine Vision Conference (BMVC)},
  publisher={BMVA Press},
  doi={10.5244/C.29.41},
  isbn={1-901725-53-7},
  url={https://dx.doi.org/10.5244/C.29.41}
}

@inproceedings{Lu:2015:SHF:2888116.2888245,
 author = {Lu, Chaochao and Tang, Xiaoou},
 title = {{Surpassing Human-level Face Verification Performance on LFW with Gaussian Face}},
 booktitle = {Proceedings of the Twenty-Ninth AAAI Conference on Artificial Intelligence},
 series = {AAAI'15},
 year = 2015,
 isbn = {0-262-51129-0},
 location = {Austin, Texas},
 pages = {3811--3819},
 numpages = 9,
 url = {https://dl.acm.org/citation.cfm?id=2888245},
 acmid = 2888245,
 publisher = {AAAI Press},
}

@article{milan2016mot16,
  title={{MOT16: A Benchmark for Multi-Object Tracking}},
  author={Milan, Anton and Leal-Taix{\'e}, Laura and Reid, Ian and Roth, Stefan and Schindler, Konrad},
  journal={arXiv preprint arXiv:1603.00831},
  year=2016,
  url={https://motchallenge.net/},
}

@article{zhang2016guaranteeing,
  title={{Guaranteeing Deadlines for Inter-Data Center Transfers}},
  author={Zhang, Hong and Chen, Kai and Bai, Wei and Han, Dongsu and Tian, Chen
                  and Wang, Hao and Guan, Haibing and Zhang, Ming},
  journal={IEEE/ACM Transactions on Networking},
  year=2016,
  publisher={IEEE},
  url={http://ieeexplore.ieee.org/document/7547281},
}

@inproceedings{ess2007depth,
  title={Depth and appearance for mobile scene analysis},
  author={Ess, Andreas and Leibe, Bastian and Van Gool, Luc},
  booktitle={Computer Vision, 2007. ICCV 2007. IEEE 11th International
                  Conference on},
  pages={1--8},
  year={2007},
  organization={IEEE}
}

@article{dollar2012pedestrian,
  title={{Pedestrian Detection: An Evaluation of the State of the Art}},
  author={Dollar, Piotr and Wojek, Christian and Schiele, Bernt and Perona,
                  Pietro},
  journal={IEEE transactions on pattern analysis and machine intelligence},
  volume=34,
  number=4,
  pages={743--761},
  year=2012,
  publisher={IEEE}
}

@article{coifman1998real,
  title={{A Real-time Computer Vision System for Vehicle Tracking and Traffic
                  Surveillance}},
  Author={Coifman, Benjamin and Beymer, David and McLauchlan, Philip and Malik,
                  Jitendra},
  journal={Transportation Research Part C: Emerging Technologies},
  volume=6,
  number=4,
  pages={271--288},
  year=1998,
  publisher={Elsevier}
}

@article{atzori2010internet,
  title={{The Internet of Things: A Survey}},
  author={Atzori, Luigi and Iera, Antonio and Morabito, Giacomo},
  journal={Computer networks},
  volume={54},
  number={15},
  pages={2787--2805},
  year={2010},
  publisher={Elsevier}
}

@article{baset2004analysis,
  title={{An Analysis of the Skype Peer-to-peer Internet Telephony Protocol}},
  author={Baset, Salman A and Schulzrinne, Henning},
  journal={arXiv preprint cs/0412017},
  year={2004}
}

@inproceedings{jacobson1988congestion,
  title={{Congestion Avoidance and Control}},
  author={Jacobson, Van},
  booktitle={ACM SIGCOMM computer communication review},
  volume={18},
  number={4},
  pages={314--329},
  year={1988},
  organization={ACM}
}

@inproceedings{wright1997open,
  title={{Open SoundControl: A New Protocol for Communicating with Sound
                  Synthesizers.}},
  author={Wright, Matthew and Freed, Adrian and others},
  booktitle={ICMC},
  year={1997}
}

@inproceedings{heintz2015towards,
  title={{Towards Optimizing Wide-Area Streaming Analytics}},
  author={Heintz, Benjamin and Chandra, Abhishek and Sitaraman, Ramesh K},
  booktitle={Cloud Engineering (IC2E), 2015 IEEE International Conference on},
  pages={452--457},
  year={2015},
  organization={IEEE}
}

@article{cormode2012synopses,
  title={{Synopses for Massive Data: Samples, Histograms, Wavelets, Sketches}},
  author={Cormode, Graham and Garofalakis, Minos and Haas, Peter J and Jermaine,
                  Chris},
  journal={Foundations and Trends in Databases},
  volume={4},
  number={1--3},
  pages={1--294},
  year={2012},
  publisher={Now Publishers Inc.}
}

@inproceedings{krioukov2012building,
  author = {Krioukov, Andrew and Fierro, Gabe and Kitaev, Nikita and Culler,
                   David},
  title = {{Building Application Stack (BAS)}},
  booktitle = {Proceedings of the Fourth ACM Workshop on Embedded Sensing Systems
                   for Energy-Efficiency in Buildings},
  series = {BuildSys '12},
  year = 2012,
  isbn = {978-1-4503-1170-0},
  location = {Toronto, Ontario, Canada},
  pages = {72--79},
  numpages = 8,
  url = {http://doi.acm.org/10.1145/2422531.2422546},
  doi = {10.1145/2422531.2422546},
  acmid = 2422546,
  publisher = {ACM},
  address = {New York, NY, USA},
  keywords = {building applications, controls, energy efficiency},
}

@article{index2013zettabyte,
  title={{The Zettabyte Era: Trends and Analysis}},
  author={Index, Cisco Visual Networking},
  journal={Cisco white paper},
  year=2013,
  howpublished={\url{http://www.cisco.com/c/en/us/solutions/collateral/service-provider/visual-networking-index-vni/vni-hyperconnectivity-wp.html}},
}

@article{sodagar2011mpeg,
  title={{The MPEG-DASH Standard for Multimedia Streaming over the Internet}},
  author={Sodagar, Iraj},
  journal = {IEEE MultiMedia},
  issue_date = {October 2011},
  volume = 18,
  number = 4,
  month = oct,
  year = 2011,
  issn = {1070-986X},
  pages = {62--67},
  numpages = 6,
  url = {http://dx.doi.org/10.1109/MMUL.2011.71},
  doi = {10.1109/MMUL.2011.71},
  acmid = 2086441,
  publisher = {IEEE Computer Society Press},
  address = {Los Alamitos, CA, USA},
  keywords = {multimedia, Internet, video, HTTP streaming, dynamic adaptation,
                  MPEG, DASH, Industry and Standards},
}


@article{michalos2012dynamic,
  title={{Dynamic Adaptive Streaming over HTTP}},
  author={Michalos, MG and Kessanidis, SP and Nalmpantis, SL},
  journal={Journal of Engineering Science and Technology Review},
  volume=5,
  number=2,
  pages={30--34},
  year=2012
}

@inproceedings{chun2011clonecloud,
  title={{Clonecloud: Elastic Execution Between Mobile Device and Cloud}},
  author={Chun, Byung-Gon and Ihm, Sunghwan and Maniatis, Petros and Naik, Mayur
                  and Patti, Ashwin},
  booktitle={Proceedings of the sixth conference on Computer systems},
  pages={301--314},
  year={2011},
  organization={ACM}
}

@misc{gstreamer,
  title={{GStreamer: Open Source Multimedia Framework}},
  author={Team, GStreamer},
  url={https://gstreamer.freedesktop.org/},
  year={2001--2017},
}

@article{opencvlibrary,
  title={{The OpenCV Library}},
  author = {Bradski, G.},
  citeulike-article-id = 2236121,
  journal={Doctor Dobbs Journal},
  keywords = {bibtex-import},
  posted-at = {2008-01-15 19:21:54},
  priority = 4,
  year={2000--2017},
  url={http://opencv.org},
}

@misc{darknet13,
  author = {Redmon, Joseph},
  title = {{Darknet: Open Source Neural Networks in C}},
  howpublished = {\url{http://pjreddie.com/darknet/}},
  year = {2013--2017}
}

@article{redmon2016yolo9000,
  title={YOLO9000: Better, Faster, Stronger},
  author={Redmon, Joseph and Farhadi, Ali},
  journal   = {CoRR},
  volume    = {abs/1612.08242},
  year      = 2016,
  url       = {http://arxiv.org/abs/1612.08242},
  timestamp = {Mon, 02 Jan 2017 11:09:15 +0100},
  biburl    = {http://dblp.uni-trier.de/rec/bib/journals/corr/RedmonF16},
  bibsource = {dblp computer science bibliography, http://dblp.org},
}

@misc{bellard2012ffmpeg,
  title={FFmpeg},
  author={Bellard, Fabrice and Niedermayer, M and others},
  howpublished={\url{https://www.ffmpeg.org/}},
  year=2012
}

@misc{edgarlog,
  title={{EDGAR Log File Data Set}},
  author={The Division of Economic and Risk Analysis (DERA)},
  howpublished = {\url{https://www.sec.gov/data/edgar-log-file-data-set}},
  year={2003--2016},
  note={Accessed: 2017-01-25}
}

@misc{pantos2016http,
  title={{HTTP Live Streaming}},
  author={Pantos, Roger and May, William},
  publisher = {IETF},
  url = {https://tools.ietf.org/html/draft-pantos-http-live-streaming-19},
  year={2016}
}

@inproceedings{wei2014low,
  title={{Low latency live video streaming over HTTP 2.0}},
  author={Wei, Sheng and Swaminathan, Viswanathan},
  booktitle={Proceedings of Network and Operating System Support on Digital
                  Audio and Video Workshop},
  pages=37,
  year=2014,
  organization={ACM}
}

@inproceedings{wang2016anatomy,
  title={{Anatomy of a Personalized Livestreaming System}},
  author={Wang, Bolun and Zhang, Xinyi and Wang, Gang and Zheng, Haitao and
                  Zhao, Ben Y},
  booktitle={Proceedings of the 2016 ACM on Internet Measurement Conference},
  pages={485--498},
  year={2016},
  organization={ACM}
}

@book{richardson2011h,
 author = {Richardson, Iain E.},
 title = {The H.264 Advanced Video Compression Standard},
 year = 2010,
 isbn = {0470516925, 9780470516928},
 edition = {2nd},
 publisher = {Wiley Publishing},
}

@article{grange2016vp9,
  title={{VP9 Bitstream \& Decoding Process Specification}},
  author={Grange, Adrian and de Rivaz, Peter and Hunt, Jonathan},
  journal={Google, March},
  year={2016}
}

@article{lowe2004distinctive,
  title={{Distinctive image features from scale-invariant keypoints}},
  author = {Lowe, David G.},
  journal = {Int. J. Comput. Vision},
  issue_date = {November 2004},
  volume = 60,
  number = 2,
  month = nov,
  year = 2004,
  issn = {0920-5691},
  pages = {91--110},
  numpages = 20,
  url = {http://dx.doi.org/10.1023/B:VISI.0000029664.99615.94},
  doi = {10.1023/B:VISI.0000029664.99615.94},
  acmid = 996342,
  publisher = {Kluwer Academic Publishers},
  address = {Hingham, MA, USA},
  keywords = {image matching, invariant features, object recognition, scale
                  invariance},
}

@article{canny1986computational,
  title={{A Computational Approach to Edge Detection}},
  author={Canny, John},
  journal={IEEE Transactions on pattern analysis and machine intelligence},
  number=6,
  pages={679--698},
  year=1986,
  url = {http://dx.doi.org/10.1109/TPAMI.1986.4767851},
  doi = {10.1109/TPAMI.1986.4767851},
  acmid = 11275,
  publisher={IEEE}
}

@inproceedings{viola2001rapid,
  title={{Rapid Object Detection Using a Boosted Cascade of Simple Features}},
  author={Viola, Paul and Jones, Michael},
  booktitle={Proceedings of the 2001 IEEE Computer Society Conference on
                  Computer Vision and Pattern Recognition. CVPR 2001},
  year=2001,
  volume=1,
  pages={I-511-I-518 vol.1},
  doi={10.1109/CVPR.2001.990517},
  ISSN={1063-6919},
}

@article{zambelli2009iis,
  title={{IIS Smooth Streaming Technical Overview}},
  author={Zambelli, Alex},
  journal={Microsoft Corporation},
  volume=3,
  pages=40,
  year=2009
}

@misc{adobestreaming,
  title={{High-quality, Network-efficient HTTP Streaming}},
  Author={Adobe},
  howpublished = {\url{http://www.adobe.com/products/hds-dynamic-streaming.html}},
  note={Accessed: 2017-09-20}
}

@inproceedings{allen2004object,
 author = {Allen, John G. and Xu, Richard Y. D. and Jin, Jesse S.},
 title = {{Object Tracking Using CamShift Algorithm and Multiple Quantized
                  Feature Spaces}},
 booktitle = {Proceedings of the Pan-Sydney Area Workshop on Visual Information
                  Processing},
 series = {VIP'05},
 year = 2004,
 isbn = {1-920682-18-X},
 location = {Sydney, Australia, USA},
 pages = {3--7},
 numpages = 5,
 url = {http://dl.acm.org/citation.cfm?id=1082121.1082122},
 acmid = 1082122,
 publisher = {Australian Computer Society, Inc.},
 address = {Darlinghurst, Australia, Australia},
 keywords = {mean shift, object tracking, video},
}

@inproceedings{hindman2011mesos,
  title={{Mesos: A Platform for Fine-Grained Resource Sharing in the Data Center}},
  author={Hindman, Benjamin and Konwinski, Andy and Zaharia, Matei and Ghodsi,
                  Ali and Joseph, Anthony D and Katz, Randy H and Shenker, Scott
                  and Stoica, Ion},
  booktitle={NSDI},
  volume={11},
  number={2011},
  pages={22--22},
  year={2011}
}

@inproceedings{zhang2017live,
  title = {{Live Video Analytics at Scale with Approximation and Delay-Tolerance}},
  author = {Haoyu Zhang and Ganesh Ananthanarayanan and Peter Bodik and Matthai Philipose and Paramvir Bahl and Michael J. Freedman},
  booktitle = {14th USENIX Symposium on Networked Systems Design and Implementation (NSDI 17)},
  year = 2017,
  isbn = {978-1-931971-37-9},
  address = {Boston, MA},
  pages = {377--392},
  url = {https://www.usenix.org/conference/nsdi17/technical-sessions/presentation/zhang},
  publisher = {USENIX Association},
}

@inproceedings{connell2013retail,
  title={Retail video analytics: an overview and survey},
  author={Connell, Jonathan and Fan, Quanfu and Gabbur, Prasad and Haas, Norman and Pankanti, Sharath and Trinh, Hoang},
  booktitle={IS\&T/SPIE Electronic Imaging},
  pages={86630X--86630X},
  year={2013},
  organization={International Society for Optics and Photonics}
}

@misc{skynet,
  title={{In China, Beware: A Camera May Be Watching You}},
  author={Langfitt, Frank},
  howpublished = {\url{http://www.npr.org/2013/01/29/170469038/in-china-beware-a-camera-may-be-watching-you}},
  booktitle={NPR},
  year=2013,
  note={Accessed: 2017-04-04}
}

@incollection{ronetti2000railway,
  title={{Railway Station Surveillance: the Italian Case}},
  author={Ronetti, Nino and Dambra, Carlo},
  booktitle={Multimedia Video-Based Surveillance Systems},
  pages={13--20},
  year=2000,
  publisher={Springer}
}

@misc{dropcam,
  title={{Nest Cam Indoor}},
  author={Google},
  howpublished = {\url{https://www.dropcam.com}},
  note={Accessed: 2017-04-03},
  year={2009-2017},
}

@misc{london.surveillance,
  title={{One nation under CCTV: the future of automated surveillance}},
  author={Temperton, James},
  howpublished = {\url{http://www.wired.co.uk/article/one-nation-under-cctv}},
  year=2015,
  booktitle={Wired},
  note={Accessed: 2017-01-27}
}

@inproceedings{biswas2015large,
  title={{Large-scale Measurements of Wireless Network Behavior}},
  author={Biswas, Sanjit and Bicket, John and Wong, Edmund and Musaloiu-e,
                  Raluca and Bhartia, Apurv and Aguayo, Dan},
  booktitle = {Proceedings of the 2015 ACM Conference on Special Interest Group
                  on Data Communication},
  series = {SIGCOMM'15},
  year = 2015,
  isbn = {978-1-4503-3542-3},
  location = {London, United Kingdom},
  pages = {153--165},
  numpages = 13,
  url = {http://doi.acm.org/10.1145/2785956.2787489},
  doi = {10.1145/2785956.2787489},
  acmid = 2787489,
  publisher = {ACM},
  address = {New York, NY, USA},
  keywords = {802.11, large-scale measurements, network usage data},
}

@inproceedings{grover2013peeking,
  title={{Peeking Behind the NAT: An Empirical Study of Home Networks}},
  author={Grover, Sarthak and Park, Mi Seon and Sundaresan, Srikanth and
                  Burnett, Sam and Kim, Hyojoon and Ravi, Bharath and Feamster,
                  Nick},
  booktitle = {Proceedings of the 2013 Conference on Internet Measurement
                  Conference},
  series = {IMC'13},
  year = 2013,
  isbn = {978-1-4503-1953-9},
  location = {Barcelona, Spain},
  pages = {377--390},
  numpages = 14,
  url = {http://doi.acm.org/10.1145/2504730.2504736},
  doi = {10.1145/2504730.2504736},
  acmid = 2504736,
  publisher = {ACM},
  address = {New York, NY, USA},
  keywords = {bismark, home networks},
}

@inproceedings{nikravesh2014mobile,
  title={{Mobile Network Performance from User Devices: A Longitudinal,
                  Multidimensional Analysis}},
  author={Nikravesh, Ashkan and Choffnes, David R and Katz-Bassett, Ethan and
                  Mao, Z Morley and Welsh, Matt},
  booktitle = {Proceedings of the 15th International Conference on Passive and
                  Active Measurement - Volume 8362},
  series = {PAM 2014},
  year = 2014,
  isbn = {978-3-319-04917-5},
  location = {Los Angeles, CA, USA},
  pages = {12--22},
  numpages = 11,
  url = {http://dx.doi.org/10.1007/978-3-319-04918-2_2},
  doi = {10.1007/978-3-319-04918-2_2},
  acmid = 2722268,
  publisher = {Springer-Verlag New York, Inc.},
  address = {New York, NY, USA},
 }


@article{cardwell2017bbr,
  title={{BBR: Congestion-based Congestion Control}},
  author={Cardwell, Neal and Cheng, Yuchung and Gunn, C Stephen and Yeganeh,
                  Soheil Hassas and others},
  journal={Communications of the ACM},
  volume=60,
  number=2,
  pages={58--66},
  year=2017,
  publisher={ACM},
  url={http://dl.acm.org/citation.cfm?id=3042068.3009824},
}

@inproceedings{eriksen2013your,
  title={{Your Server as a Function}},
  author={Eriksen, Marius},
  booktitle={Proceedings of the Seventh Workshop on Programming Languages and
                  Operating Systems},
  pages=5,
  year=2013,
  organization={ACM}
}

@article{wallace1992jpeg,
  title={{The JPEG Still Picture Compression Standard}},
  author={Wallace, Gregory K},
  journal = {Commun. ACM},
  issue_date = {April 1991},
  volume = 34,
  number = 4,
  month = apr,
  year = 1991,
  issn = {0001-0782},
  pages = {30--44},
  numpages = 15,
  url = {http://doi.acm.org/10.1145/103085.103089},
  doi = {10.1145/103085.103089},
  acmid = 103089,
  publisher = {ACM},
  address = {New York, NY, USA},
}

@article{russell2008labelme,
  title={{LabelMe: a Database and Web-based Tool for Image Annotation}},
  author={Russell, Bryan C and Torralba, Antonio and Murphy, Kevin P and
                   Freeman, William T},
  journal = {Int. J. Comput. Vision},
  issue_date = {May       2008},
  volume = 77,
  number = {1-3},
  month = may,
  year = 2008,
  issn = {0920-5691},
  pages = {157--173},
  numpages = 17,
  url = {http://dx.doi.org/10.1007/s11263-007-0090-8},
  doi = {10.1007/s11263-007-0090-8},
  acmid = 1345999,
  publisher = {Kluwer Academic Publishers},
  address = {Hingham, MA, USA},
  keywords = {Annotation tool, Database, Object detection, Object recognition},
}

@inproceedings{venkataraman2016ernest,
  title={{Ernest: Efficient Performance Prediction for Large-scale Advanced
                  Analytics}},
  author={Venkataraman, Shivaram and Yang, Zongheng and Franklin, Michael and
                  Recht, Benjamin and Stoica, Ion},
  booktitle={13th USENIX Symposium on Networked Systems Design and
                  Implementation (NSDI 16)},
  pages={363--378},
  year=2016,
  organization={USENIX Association},
  url = {https://www.usenix.org/conference/nsdi16/technical-sessions/presentation/venkataraman},
}

@misc{lartc,
  title={{Linux Advanced Routing \& Traffic Control}},
  author={Hubert, Bert},
  year=2002,
  howpublished = {\url{http://lartc.org/}},
  note={Accessed: 2017-04-06}
}

@misc{htb,
  title={{HTB Home}},
  author={Devera, Martin},
  year={2001--2003},
  howpublished = {\url{http://luxik.cdi.cz/~devik/qos/htb/}},
  note={Accessed: 2017-04-08}
}

@article{akidau2013millwheel,
  title={{MillWheel: Fault-tolerant Stream Processing at Internet Scale}},
  author={Akidau, Tyler and Balikov, Alex and Bekiro{\u{g}}lu, Kaya and
                  Chernyak, Slava and Haberman, Josh and Lax, Reuven and
                  McVeety, Sam and Mills, Daniel and Nordstrom, Paul and
                  Whittle, Sam},
  journal={Proceedings of the VLDB Endowment},
  volume=6,
  number=11,
  pages={1033--1044},
  year=2013,
  publisher={VLDB Endowment},
  url={https://dl.acm.org/citation.cfm?id=2536229}
}

@inproceedings{cho2012surviving,
  title={{Surviving Congestion in Geo-Distributed Storage Systems}},
  author={Cho, Brian and Aguilera, Marcos K},
  booktitle={USENIX Annual Technical Conference (USENIX ATC 12)},
  pages={439--451},
  year=2012,
  url={https://www.usenix.org/conference/atc12/technical-sessions/presentation/cho},
  publisher={USENIX},
}

@inproceedings{wu2013adaptive,
  title={{Adaptive Data Transmission in the Cloud}},
  author={Wu, Wenfei and Chen, Yizheng and Durairajan, Ramakrishnan and Kim,
                  Dongchan and Anand, Ashok and Akella, Aditya},
  booktitle={Quality of Service (IWQoS), 2013 IEEE/ACM 21st International
                  Symposium on},
  pages={1--10},
  year={2013},
  organization={IEEE}
}

@inproceedings{muthitacharoen2001low,
 author = {Muthitacharoen, Athicha and Chen, Benjie and Mazi\`{e}res, David},
 title = {{A Low-bandwidth Network File System}},
 booktitle = {Proceedings of the Eighteenth ACM Symposium on Operating Systems Principles},
 series = {SOSP'01},
 year = 2001,
 isbn = {1-58113-389-8},
 location = {Banff, Alberta, Canada},
 pages = {174--187},
 numpages = 14,
 url = {http://doi.acm.org/10.1145/502034.502052},
 doi = {10.1145/502034.502052},
 acmid = 502052,
 publisher = {ACM},
 address = {New York, NY, USA},
}

@article{goel2008low,
  title={{Low-latency Adaptive Streaming over TCP}},
  author={Goel, Ashvin and Krasic, Charles and Walpole, Jonathan},
  journal={ACM Transactions on Multimedia Computing, Communications, and Applications (TOMM)},
  volume=4,
  number=3,
  pages=20,
  year=2008,
  publisher={ACM},
  url={https://dl.acm.org/citation.cfm?id=1386113},
}

@inproceedings{hicks2003user,
  title={User-specified adaptive scheduling in a streaming media network},
  author={Hicks, Michael and Nagarajan, Adithya and van Renesse, Robbert},
  booktitle={2003 IEEE Conference onOpen Architectures and Network Programming},
  pages={87--96},
  year={2003},
  organization={IEEE},
  doi={10.1109/OPNARC.2003.1196376}
}

@inproceedings{farrell2016meantime,
  title = {{MEANTIME: Achieving Both Minimal Energy and Timeliness with Approximate Computing}},
  author={Farrell, Anne and Hoffmann, Henry},
  booktitle = {2016 USENIX Annual Technical Conference (USENIX ATC 16)},
  year = {2016},
  isbn = {978-1-931971-30-0},
  address = {Denver, CO},
  pages = {421--435},
  url = {https://www.usenix.org/conference/atc16/technical-sessions/presentation/farrell},
  publisher = {USENIX Association},
}

@inproceedings{vulimiri2015global,
  title={{Global Analytics in the Face of Bandwidth and Regulatory Constraints}},
  author={Vulimiri, Ashish and Curino, Carlo and Godfrey, Philip Brighten and
                  Jungblut, Thomas and Padhye, Jitu and Varghese, George},
  booktitle={12th USENIX Symposium on Networked Systems Design and
                  Implementation (NSDI 15)},
  pages={323--336},
  year=2015,
  url = {https://www.usenix.org/conference/nsdi15/technical-sessions/presentation/vulimiri}
}

@inproceedings{vulimiri2015wananlytics,
 author = {Vulimiri, Ashish and Curino, Carlo and Godfrey, Philip Brighten and
                  Jungblut, Thomas and Karanasos, Konstantinos and Padhye,
                  Jitendra and Varghese, George},
 title = {{WANalytics: Geo-Distributed Analytics for a Data Intensive World}},
 booktitle = {Proceedings of the 2015 ACM SIGMOD International Conference on
                  Management of Data},
 series = {SIGMOD'15},
 year = 2015,
 isbn = {978-1-4503-2758-9},
 location = {Melbourne, Victoria, Australia},
 pages = {1087--1092},
 numpages = 6,
 url = {http://doi.acm.org/10.1145/2723372.2735365},
 doi = {10.1145/2723372.2735365},
 acmid = 2735365,
 publisher = {ACM},
 address = {New York, NY, USA},
 keywords = {analytics, federation, geo-distribution, olap, sovereignty},
}

@article{carbone2015apache,
  title={{Apache flink: Stream and batch processing in a single engine}},
  author={Carbone, Paris and Katsifodimos, Asterios and Ewen, Stephan and Markl,
                  Volker and Haridi, Seif and Tzoumas, Kostas},
  journal={Data Engineering},
  volume=38,
  number=4,
  year=2015,
  url={https://flink.apache.org/}
}

@inproceedings{hsieh17gaia,
  title={{Gaia: Geo-Distributed Machine Learning Approaching LAN Speeds}},
  author={Hsieh, Kevin and Harlap, Aaron and Vijaykumar, Nandita and Konomis,
                  Dimitris and Ganger, Gregory R and Gibbons, Phillip B and
                  Mutlu, Onur},
  booktitle={14th USENIX Symposium on Networked Systems Design and
                  Implementation (NSDI 17)},
  url = {https://www.usenix.org/conference/nsdi17/technical-sessions/presentation/hsieh},
  publisher = {USENIX Association},
  organization={USENIX Association},
  year = 2017,
}

@article{kloudas2015pixida,
  title={{Pixida: optimizing data parallel jobs in wide-area data analytics}},
  author={Kloudas, Konstantinos and Mamede, Margarida and Pregui{\c{c}}a, Nuno
                  and Rodrigues, Rodrigo},
  journal={Proceedings of the VLDB Endowment},
  volume=9,
  number=2,
  pages={72--83},
  year=2015,
  publisher={VLDB Endowment},
  url={https://dl.acm.org/citation.cfm?id=2850582}
}

@inproceedings{hung2015scheduling,
  title={Scheduling jobs across geo-distributed datacenters},
  author={Hung, Chien-Chun and Golubchik, Leana and Yu, Minlan},
  booktitle={Proceedings of the Sixth ACM Symposium on Cloud Computing},
  pages={111--124},
  year=2015,
  organization={ACM},
  url={https://dl.acm.org/citation.cfm?id=2806780}
}

@misc{global2016telegeography,
  author={TeleGeography},
  title={{Global Internet Geography}},
  howpublished={\url{https://www.telegeography.com/research-services/global-internet-geography/}},
  year={2016},
  note={Accessed: 2017-04-10}
}

@inproceedings{zhang2015design,
  title={{The Design and Implementation of a Wireless Video Surveillance
                  System}},
  author={Zhang, Tan and Chowdhery, Aakanksha and Bahl, Paramvir Victor and
                  Jamieson, Kyle and Banerjee, Suman},
  booktitle={Proceedings of the 21st Annual International Conference on Mobile
                  Computing and Networking},
  pages={426--438},
  year=2015,
  organization={ACM},
  url={https://dl.acm.org/citation.cfm?id=2790123}
}

@inproceedings{abari2017enabling,
  author = {Omid Abari and Dinesh Bharadia and Austin Duffield and Dina Katabi},
  title = {{Enabling High-Quality Untethered Virtual Reality}},
  booktitle = {14th USENIX Symposium on Networked Systems Design and
                  Implementation (NSDI 17)},
  year = 2017,
  isbn = {978-1-931971-37-9},
  address = {Boston, MA},
  pages = {531--544},
  url = {https://www.usenix.org/conference/nsdi17/technical-sessions/presentation/abari},
  publisher = {USENIX Association},
}

@inproceedings{chandrasekaran2003telegraphcq,
  title={{TelegraphCQ: Continuous Dataflow Processing}},
  author={Chandrasekaran, Sirish and Cooper, Owen and Deshpande, Amol and
                  Franklin, Michael J and Hellerstein, Joseph M and Hong, Wei
                  and Krishnamurthy, Sailesh and Madden, Samuel R and Reiss,
                  Fred and Shah, Mehul A},
  booktitle = {Proceedings of the 2003 ACM SIGMOD International Conference on
                  Management of Data},
  series = {SIGMOD'03},
  year = 2003,
  isbn = {1-58113-634-X},
  location = {San Diego, California},
  pages = {668--668},
  numpages = 1,
  url = {http://doi.acm.org/10.1145/872757.872857},
  doi = {10.1145/872757.872857},
  acmid = 872857,
  publisher = {ACM},
  address = {New York, NY, USA},
}

@inproceedings{sanjeev2015twitter,
 author = {Kulkarni, Sanjeev and Bhagat, Nikunj and Fu, Maosong and Kedigehalli,
                  Vikas and Kellogg, Christopher and Mittal, Sailesh and Patel,
                  Jignesh M. and Ramasamy, Karthik and Taneja, Siddarth},
 title = {{Twitter Heron: Stream Processing at Scale}},
 booktitle = {Proceedings of the 2015 ACM SIGMOD International Conference on
                  Management of Data},
 series = {SIGMOD'15},
 year = {2015},
 isbn = {978-1-4503-2758-9},
 location = {Melbourne, Victoria, Australia},
 pages = {239--250},
 numpages = {12},
 url = {http://doi.acm.org/10.1145/2723372.2742788},
 doi = {10.1145/2723372.2742788},
 acmid = {2742788},
 publisher = {ACM},
 address = {New York, NY, USA},
 keywords = {real-time data processing., stream data processing systems},
}


@inproceedings{hellerstein1997online,
 author = {Hellerstein, Joseph M. and Haas, Peter J. and Wang, Helen J.},
 title = {{Online Aggregation}},
 booktitle = {Proceedings of the 1997 ACM SIGMOD International Conference on
                  Management of Data},
 series = {SIGMOD'97},
 year = 1997,
 isbn = {0-89791-911-4},
 location = {Tucson, Arizona, USA},
 pages = {171--182},
 numpages = 12,
 url = {http://doi.acm.org/10.1145/253260.253291},
 doi = {10.1145/253260.253291},
 acmid = 253291,
 publisher = {ACM},
 address = {New York, NY, USA},
}

@inproceedings{ananthanarayanan2014grass,
  author = {Ganesh Ananthanarayanan and Michael Chien-Chun Hung and Xiaoqi Ren
                  and Ion Stoica and Adam Wierman and Minlan Yu},
  title = {{GRASS: Trimming Stragglers in Approximation Analytics}},
  booktitle = {11th USENIX Symposium on Networked Systems Design and
                  Implementation (NSDI 14)},
  year = 2014,
  isbn = {978-1-931971-09-6},
  address = {Seattle, WA},
  pages = {289--302},
  url = {https://www.usenix.org/conference/nsdi14/technical-sessions/presentation/ananthanarayanan},
  publisher = {USENIX Association},
}

@inproceedings{abadi2016tensorflow,
  title={{TensorFlow: A System for Large-scale Machine Learning}},
  author={Abadi, Mart{\'\i}n and Barham, Paul and Chen, Jianmin and Chen,
                  Zhifeng and Davis, Andy and Dean, Jeffrey and Devin, Matthieu
                  and Ghemawat, Sanjay and Irving, Geoffrey and Isard, Michael
                  and others},
  booktitle = {12th USENIX Symposium on Operating Systems Design and Implementation (OSDI 16)},
  url = {https://www.usenix.org/conference/osdi16/technical-sessions/presentation/abadi},
  publisher = {USENIX Association},
  isbn = {978-1-931971-33-1},
  address = {GA},
  pages = {265--283},
  year={2016}
}

@article{mukerjee2015practical,
  title={{Practical, Real-time Centralized Control for CDN-based Live Video
                  Delivery}},
  author={Mukerjee, Matthew K and Naylor, David and Jiang, Junchen and Han,
                  Dongsu and Seshan, Srinivasan and Zhang, Hui},
  journal={ACM SIGCOMM Computer Communication Review},
  volume=45,
  number=4,
  pages={311--324},
  year=2015,
  publisher={ACM},
  url={https://dl.acm.org/citation.cfm?id=2787475},
}

@inproceedings{stribling2009flexible,
 author = {Stribling, Jeremy and Sovran, Yair and Zhang, Irene and Pretzer,
                  Xavid and Li, Jinyang and Kaashoek, M. Frans and Morris,
                  Robert},
 title = {{Flexible, Wide-area Storage for Distributed Systems with WheelFS}},
 booktitle = {Proceedings of the 6th USENIX Symposium on Networked Systems
                  Design and Implementation},
 series = {NSDI'09},
 year = 2009,
 location = {Boston, Massachusetts},
 pages = {43--58},
 numpages = 16,
 url = {http://dl.acm.org/citation.cfm?id=1558977.1558981},
 acmid = 1558981,
 publisher = {USENIX Association},
}


@misc{amazon2017pricing,
  author={Amazon},
  title={{Amazone EC2 Pricing}},
  howpublished={\url{https://aws.amazon.com/ec2/pricing/}},
  year=2017,
  note={Accessed: 2017-04-12}
}

@book{karger2010scheduling,
 author = {Karger, David and Stein, Cliff and Wein, Joel},
 chapter = {{Scheduling Algorithms}},
 title = {Algorithms and Theory of Computation Handbook},
 year = {2010},
 isbn = {978-1-58488-820-8},
 pages = {20--20},
 numpages = {1},
 url = {http://dl.acm.org/citation.cfm?id=1882723.1882743},
 acmid = {1882743},
 publisher = {Chapman \& Hall/CRC},
}

@inproceedings{alipourfard2017cherrypick,
  author = {{Omid Alipourfard and Hongqiang Harry Liu and Jianshu Chen and
                  Shivaram Venkataraman and Minlan Yu and Ming Zhang}},
  title = {{CherryPick: Adaptively Unearthing the Best Cloud Configurations for
                  Big Data Analytics}},
  booktitle = {14th USENIX Symposium on Networked Systems Design and
                  Implementation (NSDI 17)},
  year = 2017,
  isbn = {978-1-931971-37-9},
  address = {Boston, MA},
  pages = {469--482},
  url = {https://www.usenix.org/conference/nsdi17/technical-sessions/presentation/alipourfard},
  publisher = {USENIX Association},
}

@article{gupta2014mesa,
  title={{Mesa: Geo-replicated, near real-time, scalable data warehousing}},
  author={Gupta, Ashish and Yang, Fan and Govig, Jason and Kirsch, Adam and
                  Chan, Kelvin and Lai, Kevin and Wu, Shuo and Dhoot, Sandeep
                  Govind and Kumar, Abhilash Rajesh and Agiwal, Ankur and
                  others},
  journal={Proceedings of the VLDB Endowment},
  volume={7},
  number={12},
  pages={1259--1270},
  year={2014},
  publisher={VLDB Endowment}
}

@inproceedings{sundaresan2014bismark,
  title={{BISmark: A Testbed for Deploying Measurements and Applications in
                  Broadband Access Networks}},
  author={Sundaresan, Srikanth and Burnett, Sam and Feamster, Nick and De
                  Donato, Walter},
  booktitle = {Proceedings of the 2014 USENIX Conference on USENIX Annual
                  Technical Conference},
  series = {USENIX ATC'14},
  year = 2014,
  isbn = {978-1-931971-10-2},
  location = {Philadelphia, PA},
  pages = {383--394},
  numpages = 12,
  url = {http://dl.acm.org/citation.cfm?id=2643634.2643673},
  acmid = 2643673,
  publisher = {USENIX Association},
  address = {Berkeley, CA, USA},
}

@inproceedings{huang2014buffer,
 author = {Huang, Te-Yuan and Johari, Ramesh and McKeown, Nick and Trunnell,
                  Matthew and Watson, Mark},
 title = {{A Buffer-based Approach to Rate Adaptation: Evidence from a Large
                  Video Streaming Service}},
 booktitle = {Proceedings of the 2014 ACM Conference on SIGCOMM},
 series = {SIGCOMM'14},
 year = 2014,
 isbn = {978-1-4503-2836-4},
 location = {Chicago, Illinois, USA},
 pages = {187--198},
 numpages = 12,
 url = {http://doi.acm.org/10.1145/2619239.2626296},
 doi = {10.1145/2619239.2626296},
 acmid = 2626296,
 publisher = {ACM},
 address = {New York, NY, USA},
 keywords = {http-based video streaming, video rate adaptation algorithm},
}

@inproceedings{sun2016cs2p,
  title={{CS2P: Improving Video Bitrate Selection and Adaptation with
                  Data-Driven Throughput Prediction}},
  author={Sun, Yi and Yin, Xiaoqi and Jiang, Junchen and Sekar, Vyas and Lin,
                  Fuyuan and Wang, Nanshu and Liu, Tao and Sinopoli, Bruno},
  booktitle={Proceedings of the 2016 conference on ACM SIGCOMM 2016 Conference},
  pages={272--285},
  year=2016,
  organization={ACM},
  publisher = {ACM},
  acmid = 2934898,
  url = {http://doi.acm.org/10.1145/2934872.2934898},
  doi = {10.1145/2934872.2934898},
}

@inproceedings{alspaugh2014analyzing,
  title={{Analyzing Log Analysis: An Empirical Study of User Log Mining}},
  author={Alspaugh, Sara and Di Chen, Bei and Lin, Jessica and Ganapathi,
                  Archana and Hearst, Marti A and Katz, Randy H},
  booktitle = {Proceedings of the 28th USENIX Conference on Large Installation
                  System Administration},
  series = {LISA'14},
  year = 2014,
  isbn = {978-1-931971-17-1},
  location = {Seattle, WA},
  pages = {53--68},
  numpages = 16,
  url = {http://dl.acm.org/citation.cfm?id=2717491.2717495},
  acmid = 2717495,
  publisher = {USENIX Association},
  address = {Berkeley, CA, USA},
  keywords = {Splunk, log analysis, query logs, user modeling, user surveys},
}

@inproceedings{Xu2009detecting,
 author = {Xu, Wei and Huang, Ling and Fox, Armando and Patterson, David and
                  Jordan, Michael I.},
 title = {{Detecting Large-scale System Problems by Mining Console Logs}},
 booktitle = {Proceedings of the ACM SIGOPS 22Nd Symposium on Operating Systems
                  Principles},
 series = {SOSP'09},
 year = 2009,
 isbn = {978-1-60558-752-3},
 location = {Big Sky, Montana, USA},
 pages = {117--132},
 numpages = 16,
 url = {http://doi.acm.org/10.1145/1629575.1629587},
 doi = {10.1145/1629575.1629587},
 acmid = 1629587,
 publisher = {ACM},
 address = {New York, NY, USA},
 keywords = {console log analysis, monitoring, pca, problem detection, source
                  code analysis, statistical learning, tracing},
}

@article{rejaie2000layered,
  title={{Layered Quality Adaptation for Internet Video Streaming}},
  author={Rejaie, Reza and Handley, Mark and Estrin, Deborah},
  journal={IEEE Journal on Selected Areas in Communications},
  volume=18,
  number=12,
  pages={2530--2543},
  year=2000,
  publisher={IEEE}
}

@article{vandalore2001survey,
  title={{A Survey of Application Layer Techniques for Adaptive Streaming of
                  Multimedia}},
  author={Vandalore, Bobby and Feng, Wu-chi and Jain, Raj and Fahmy, Sonia},
  journal={Real-Time Imaging},
  volume=7,
  number=3,
  pages={221--235},
  year=2001,
  publisher={Elsevier}
}

@article{shenker1995fundamental,
  title={{Fundamental Design Issues for the Future Internet}},
  author={Shenker, Scott},
  journal={IEEE Journal on selected areas in communications},
  volume={13},
  number={7},
  pages={1176--1188},
  year={1995},
  publisher={IEEE}
}

@article{shenker1994integrated,
  title={Integrated services in the Internet architecture: an overview},
  author={Shenker, Scott and Braden, R and Clark, D},
  journal={IETF Request for Comments (RFC)},
  volume=1633,
  year=1994
}

@article{ferrari1990scheme,
  title={{A Scheme for Real-time Channel Establishment in Wide-area Networks}},
  author={Ferrari, Domenico and Verma, Dinesh C},
  journal={IEEE journal on Selected Areas in communications},
  volume={8},
  number={3},
  pages={368--379},
  year={1990},
  publisher={IEEE}
}

@inproceedings{cao2004efficient,
  title={{Efficient Top-K Query Calculation in Distributed Networks}},
  author={Cao, Pei and Wang, Zhe},
  booktitle={Proceedings of the twenty-third annual ACM symposium on Principles
                  of distributed computing},
  pages={206--215},
  year=2004,
  organization={ACM}
}

@inproceedings{li2010cloudcmp,
 author = {Li, Ang and Yang, Xiaowei and Kandula, Srikanth and Zhang, Ming},
 title = {{CloudCmp: Comparing Public Cloud Providers}},
 booktitle = {Proceedings of the 10th ACM SIGCOMM Conference on Internet
                  Measurement},
 series = {IMC'10},
 year = 2010,
 isbn = {978-1-4503-0483-2},
 location = {Melbourne, Australia},
 pages = {1--14},
 numpages = 14,
 url = {http://doi.acm.org/10.1145/1879141.1879143},
 doi = {10.1145/1879141.1879143},
 acmid = 1879143,
 publisher = {ACM},
 address = {New York, NY, USA},
 keywords = {cloud computing, comparison, cost, performance},
}

@inproceedings{snoek2012practical,
  title={Practical bayesian optimization of machine learning algorithms},
  author={Snoek, Jasper and Larochelle, Hugo and Adams, Ryan P},
  booktitle={Advances in neural information processing systems},
  pages={2951--2959},
  year={2012}
}

@inproceedings{hernandez2016predictive,
  title={{Predictive Entropy Search for Multi-Objective Bayesian Optimization}},
  author={Hern{\'a}ndez-Lobato, Daniel and Hernandez-Lobato, Jose and Shah, Amar
                  and Adams, Ryan},
  booktitle={International Conference on Machine Learning},
  pages={1492--1501},
  year=2016
}

@article{king2009cisco,
  title={Cisco IP Video Surveillance Design Guide},
  author={King, Joel W},
  year={2009},
  howpublished={\url{https://www.cisco.com/c/en/us/td/docs/solutions/Enterprise/Video/IPVS/IPVS_DG/IPVS-DesignGuide.pdf}},
}

@misc{schulzrinne2006rtp,
  title={{RTP: A Transport Protocol for Real-Time}},
  author={Schulzrinne, H and Casner, S and Frederick, R and Jaconson, V},
  journal={RFC 1889},
  year=2006,
  publisher={Internet Engineering Task Forc}
}

@article{schulzrinne1998rtsp,
  title={RTSP: Real time streaming protocol},
  author={Schulzrinne, H and Rao, A and Lanphier, R},
  journal={IETF RFC2326, april},
  year=1998
}

@misc{durresi2005rtp,
  title={{RTP, RTCP, and RTSP-Internet Protocols for Real-Time Multimedia
                  Communication.}},
  author={Durresi, Arjan and Jain, Raj},
  year=2005
}