@article{gantz2012digital,
  title={{The Digital Universe in 2020: Big Data, Bigger Digital Shadows, and
                  Biggest Growth in the Far East}},
  author={Gantz, John and Reinsel, David},
  journal={IDC iView: IDC Analyze the future},
  volume={2007},
  pages={1--16},
  year={2012}
}

@inproceedings{rabkin2014aggregation,
  title={{Aggregation and Degradation in JetStream: Streaming Analytics in the
                  Wide Area}},
  author={Rabkin, Ariel and Arye, Matvey and Sen, Siddhartha and Pai, Vivek S
                  and Freedman, Michael J},
  booktitle={11th USENIX Symposium on Networked Systems Design and
                  Implementation (NSDI 14)},
  pages={275--288},
  year=2014
}

@article{pu2015low,
  title={{Low Latency Geo-Distributed Data Analytics}},
  author={Pu, Qifan and Ananthanarayanan, Ganesh and Bodik, Peter and Kandula,
                  Srikanth and Akella, Aditya and Bahl, Paramvir and Stoica,
                  Ion},
  journal={ACM SIGCOMM Computer Communication Review},
  volume=45,
  number=4,
  pages={421--434},
  year=2015,
  publisher={ACM}
}

@inproceedings{oh2011large,
  title={{A Large-scale Benchmark Dataset for Event Recognition in Surveillance
                  Video}},
  author={Oh, Sangmin and Hoogs, Anthony and Perera, Amitha and Cuntoor, Naresh
                  and Chen, Chia-Chih and Lee, Jong Taek and Mukherjee, Saurajit
                  and Aggarwal, JK and Lee, Hyungtae and Davis, Larry and
                  others},
  booktitle={Computer Vision and Pattern Recognition (CVPR), 2011 IEEE
                  Conference on},
  pages={3153--3160},
  year=2011,
  organization={IEEE}
}

@inproceedings{viswanathan2016clarinet,
  title={{Clarinet: Wan-aware optimization for analytics queries}},
  author={Viswanathan, Raajay and Ananthanarayanan, Ganesh and Akella, Aditya},
  booktitle={12th USENIX Symposium on Operating Systems Design and
                  Implementation (OSDI 16)},
  pages={435--450},
  year=2016,
  organization={USENIX Association},
}