@inproceedings{ananthanarayanan2013effective,
  title={{Effective Straggler Mitigation: Attack of the Clones}},
  author={Ananthanarayanan, Ganesh and Ghodsi, Ali and Shenker, Scott and
                  Stoica, Ion},
  booktitle={NSDI},
  volume={13},
  pages={185--198},
  year={2013}
}